%YAML 1.1
%TAG !u! tag:unity3d.com,2011:
--- !u!114 &5813804563543157840
MonoBehaviour:
  m_ObjectHideFlags: 0
  m_CorrespondingSourceObject: {fileID: 0}
  m_PrefabInstance: {fileID: 0}
  m_PrefabAsset: {fileID: 0}
  m_GameObject: {fileID: 1115608365117397555}
  m_Enabled: 1
  m_EditorHideFlags: 0
  m_Script: {fileID: 11500000, guid: 5e01f27e0f3b6af4fbd42fbfef0b909d, type: 3}
  m_Name: 
  m_EditorClassIdentifier: 
  UpdateWithPhysics: 0
  UseCenterOfMass: 1
  CenterOfMass: {x: 0, y: 1, z: 0}
  CenterOfMassInertia: 1
  AddWind: 0
  WindDirection: {x: 1, y: 0, z: 0}
  WindStrength: 1
  AddNoise: 0
  NoiseStrength: 1
  NoiseScale: 1
  NoiseSpeed: 1
  RotationInertia: 1
  Gravity: 0
  SpringStrength: 1
  Dampening: 1
  BlendToOriginalRotation: 0
  Hinge: 0
  HingeAngle: 0
  UseAngleLimit: 0
  AngleLimit: 180
  UseSoftLimit: 0
  SoftLimitInfluence: 0.5
  SoftLimitStrength: 0.5
  ShowViewportGizmos: 1
  GizmoScale: 0.005
--- !u!114 &5813804564305826475
MonoBehaviour:
  m_ObjectHideFlags: 0
  m_CorrespondingSourceObject: {fileID: 0}
  m_PrefabInstance: {fileID: 0}
  m_PrefabAsset: {fileID: 0}
  m_GameObject: {fileID: 1319079152744651804}
  m_Enabled: 1
  m_EditorHideFlags: 0
  m_Script: {fileID: 11500000, guid: 5e01f27e0f3b6af4fbd42fbfef0b909d, type: 3}
  m_Name: 
  m_EditorClassIdentifier: 
  UpdateWithPhysics: 0
  UseCenterOfMass: 1
  CenterOfMass: {x: 0, y: 1, z: 0}
  CenterOfMassInertia: 1
  AddWind: 0
  WindDirection: {x: 1, y: 0, z: 0}
  WindStrength: 1
  AddNoise: 0
  NoiseStrength: 1
  NoiseScale: 1
  NoiseSpeed: 1
  RotationInertia: 1
  Gravity: 0.633
  SpringStrength: 1
  Dampening: 1
  BlendToOriginalRotation: 0
  Hinge: 0
  HingeAngle: 0
  UseAngleLimit: 0
  AngleLimit: 180
  UseSoftLimit: 0
  SoftLimitInfluence: 0.5
  SoftLimitStrength: 0.5
  ShowViewportGizmos: 1
  GizmoScale: 0.007
--- !u!114 &4598459942406706766
MonoBehaviour:
  m_ObjectHideFlags: 0
  m_CorrespondingSourceObject: {fileID: 0}
  m_PrefabInstance: {fileID: 0}
  m_PrefabAsset: {fileID: 0}
  m_GameObject: {fileID: 2522991172565779297}
  m_Enabled: 1
  m_EditorHideFlags: 0
  m_Script: {fileID: 11500000, guid: 5e01f27e0f3b6af4fbd42fbfef0b909d, type: 3}
  m_Name: 
  m_EditorClassIdentifier: 
  UpdateWithPhysics: 0
  UseCenterOfMass: 1
  CenterOfMass: {x: 0, y: 1, z: 0}
  CenterOfMassInertia: 1
  AddWind: 0
  WindDirection: {x: 1, y: 0, z: 0}
  WindStrength: 1
  AddNoise: 0
  NoiseStrength: 1
  NoiseScale: 1
  NoiseSpeed: 1
  RotationInertia: 1
  Gravity: 0.633
  SpringStrength: 1
  Dampening: 1
  BlendToOriginalRotation: 0
  Hinge: 0
  HingeAngle: 0
  UseAngleLimit: 0
  AngleLimit: 180
  UseSoftLimit: 0
  SoftLimitInfluence: 0.5
  SoftLimitStrength: 0.5
  ShowViewportGizmos: 1
  GizmoScale: 0.007
--- !u!114 &3699163555980264411
MonoBehaviour:
  m_ObjectHideFlags: 0
  m_CorrespondingSourceObject: {fileID: 0}
  m_PrefabInstance: {fileID: 0}
  m_PrefabAsset: {fileID: 0}
  m_GameObject: {fileID: 4482866683048609102}
  m_Enabled: 1
  m_EditorHideFlags: 0
  m_Script: {fileID: 11500000, guid: 5e01f27e0f3b6af4fbd42fbfef0b909d, type: 3}
  m_Name: 
  m_EditorClassIdentifier: 
  UpdateWithPhysics: 0
  UseCenterOfMass: 1
  CenterOfMass: {x: 0, y: 1, z: 0}
  CenterOfMassInertia: 1
  AddWind: 0
  WindDirection: {x: 1, y: 0, z: 0}
  WindStrength: 1
  AddNoise: 0
  NoiseStrength: 1
  NoiseScale: 1
  NoiseSpeed: 1
  RotationInertia: 1
  Gravity: 0
  SpringStrength: 1
  Dampening: 1
  BlendToOriginalRotation: 0
  Hinge: 0
  HingeAngle: 0
  UseAngleLimit: 0
  AngleLimit: 180
  UseSoftLimit: 0
  SoftLimitInfluence: 0.5
  SoftLimitStrength: 0.5
  ShowViewportGizmos: 1
  GizmoScale: 0.005
--- !u!114 &6002492739098717910
MonoBehaviour:
  m_ObjectHideFlags: 0
  m_CorrespondingSourceObject: {fileID: 0}
  m_PrefabInstance: {fileID: 0}
  m_PrefabAsset: {fileID: 0}
  m_GameObject: {fileID: 4867835582678192159}
  m_Enabled: 1
  m_EditorHideFlags: 0
  m_Script: {fileID: 11500000, guid: 5e01f27e0f3b6af4fbd42fbfef0b909d, type: 3}
  m_Name: 
  m_EditorClassIdentifier: 
  UpdateWithPhysics: 0
  UseCenterOfMass: 1
  CenterOfMass: {x: 0, y: 1, z: 0}
  CenterOfMassInertia: 1
  AddWind: 0
  WindDirection: {x: 1, y: 0, z: 0}
  WindStrength: 1
  AddNoise: 0
  NoiseStrength: 1
  NoiseScale: 1
  NoiseSpeed: 1
  RotationInertia: 1
  Gravity: 0.782
  SpringStrength: 1
  Dampening: 1
  BlendToOriginalRotation: 0
  Hinge: 0
  HingeAngle: 0
  UseAngleLimit: 0
  AngleLimit: 180
  UseSoftLimit: 0
  SoftLimitInfluence: 0.5
  SoftLimitStrength: 0.5
  ShowViewportGizmos: 1
  GizmoScale: 0.005
--- !u!114 &1691471911570922390
MonoBehaviour:
  m_ObjectHideFlags: 0
  m_CorrespondingSourceObject: {fileID: 0}
  m_PrefabInstance: {fileID: 0}
  m_PrefabAsset: {fileID: 0}
  m_GameObject: {fileID: 4943063960308693264}
  m_Enabled: 1
  m_EditorHideFlags: 0
  m_Script: {fileID: 11500000, guid: 5e01f27e0f3b6af4fbd42fbfef0b909d, type: 3}
  m_Name: 
  m_EditorClassIdentifier: 
  UpdateWithPhysics: 0
  UseCenterOfMass: 1
  CenterOfMass: {x: 0, y: 1, z: 0}
  CenterOfMassInertia: 1
  AddWind: 0
  WindDirection: {x: 1, y: 0, z: 0}
  WindStrength: 1
  AddNoise: 0
  NoiseStrength: 1
  NoiseScale: 1
  NoiseSpeed: 1
  RotationInertia: 1
  Gravity: 0.569
  SpringStrength: 1
  Dampening: 1
  BlendToOriginalRotation: 0
  Hinge: 0
  HingeAngle: 0
  UseAngleLimit: 0
  AngleLimit: 180
  UseSoftLimit: 0
  SoftLimitInfluence: 0.5
  SoftLimitStrength: 0.5
  ShowViewportGizmos: 1
  GizmoScale: 0.007
--- !u!114 &5813804564202756936
MonoBehaviour:
  m_ObjectHideFlags: 0
  m_CorrespondingSourceObject: {fileID: 0}
  m_PrefabInstance: {fileID: 0}
  m_PrefabAsset: {fileID: 0}
  m_GameObject: {fileID: 5221583618877034444}
  m_Enabled: 1
  m_EditorHideFlags: 0
  m_Script: {fileID: 11500000, guid: 5e01f27e0f3b6af4fbd42fbfef0b909d, type: 3}
  m_Name: 
  m_EditorClassIdentifier: 
  UpdateWithPhysics: 0
  UseCenterOfMass: 1
  CenterOfMass: {x: 0, y: 1, z: 0}
  CenterOfMassInertia: 1
  AddWind: 0
  WindDirection: {x: 1, y: 0, z: 0}
  WindStrength: 1
  AddNoise: 0
  NoiseStrength: 1
  NoiseScale: 1
  NoiseSpeed: 1
  RotationInertia: 1
  Gravity: 0
  SpringStrength: 1
  Dampening: 1
  BlendToOriginalRotation: 0
  Hinge: 0
  HingeAngle: 0
  UseAngleLimit: 0
  AngleLimit: 180
  UseSoftLimit: 0
  SoftLimitInfluence: 0.5
  SoftLimitStrength: 0.5
  ShowViewportGizmos: 1
  GizmoScale: 0.007
--- !u!1 &5813804563158833816
GameObject:
  m_ObjectHideFlags: 0
  m_CorrespondingSourceObject: {fileID: 0}
  m_PrefabInstance: {fileID: 0}
  m_PrefabAsset: {fileID: 0}
  serializedVersion: 6
  m_Component:
  - component: {fileID: 5813804563158833817}
  m_Layer: 12
  m_Name: model
  m_TagString: Untagged
  m_Icon: {fileID: 0}
  m_NavMeshLayer: 0
  m_StaticEditorFlags: 0
  m_IsActive: 1
--- !u!4 &5813804563158833817
Transform:
  m_ObjectHideFlags: 0
  m_CorrespondingSourceObject: {fileID: 0}
  m_PrefabInstance: {fileID: 0}
  m_PrefabAsset: {fileID: 0}
  m_GameObject: {fileID: 5813804563158833816}
  m_LocalRotation: {x: 0, y: 0, z: 0, w: 1}
  m_LocalPosition: {x: 0, y: -0.5, z: 0}
  m_LocalScale: {x: 1, y: 1, z: 1}
  m_Children:
  - {fileID: 6279268092693389258}
  m_Father: {fileID: 5813804564438022360}
  m_RootOrder: 0
  m_LocalEulerAnglesHint: {x: 0, y: 0, z: 0}
--- !u!1 &5813804564438022363
GameObject:
  m_ObjectHideFlags: 0
  m_CorrespondingSourceObject: {fileID: 0}
  m_PrefabInstance: {fileID: 0}
  m_PrefabAsset: {fileID: 0}
  serializedVersion: 6
  m_Component:
  - component: {fileID: 5813804564438022360}
  - component: {fileID: 5813804564438022367}
  m_Layer: 12
  m_Name: HeadSegment_Caterpillar
  m_TagString: Untagged
  m_Icon: {fileID: 0}
  m_NavMeshLayer: 0
  m_StaticEditorFlags: 0
  m_IsActive: 1
--- !u!4 &5813804564438022360
Transform:
  m_ObjectHideFlags: 0
  m_CorrespondingSourceObject: {fileID: 0}
  m_PrefabInstance: {fileID: 0}
  m_PrefabAsset: {fileID: 0}
  m_GameObject: {fileID: 5813804564438022363}
  m_LocalRotation: {x: 0, y: 0, z: 0, w: 1}
  m_LocalPosition: {x: 0, y: 0.614, z: 5.6}
  m_LocalScale: {x: 0.22, y: 0.22, z: 0.22}
  m_Children:
  - {fileID: 5813804563158833817}
  m_Father: {fileID: 0}
  m_RootOrder: 0
  m_LocalEulerAnglesHint: {x: 0, y: 0, z: 0}
--- !u!114 &5813804564438022367
MonoBehaviour:
  m_ObjectHideFlags: 0
  m_CorrespondingSourceObject: {fileID: 0}
  m_PrefabInstance: {fileID: 0}
  m_PrefabAsset: {fileID: 0}
  m_GameObject: {fileID: 5813804564438022363}
  m_Enabled: 1
  m_EditorHideFlags: 0
  m_Script: {fileID: 11500000, guid: 954ccaf102fd9cf44b9c5e565f3d8727, type: 3}
  m_Name: 
  m_EditorClassIdentifier: 
  isHead: 1
  caterpillar: {fileID: 0}
  model: {fileID: 5813804563158833817}
  offset: {x: 0, y: 0, z: 0}
  minDist: 0.17
  skinCollider: {fileID: 0}
  cutEffect_prefab: {fileID: 8603528636754443721, guid: 386fce68b52640646bcc5089ff4acebb, type: 3}
--- !u!65 &9026979005213482851
BoxCollider:
  m_ObjectHideFlags: 0
  m_CorrespondingSourceObject: {fileID: 0}
  m_PrefabInstance: {fileID: 0}
  m_PrefabAsset: {fileID: 0}
  m_GameObject: {fileID: 6660720096041715056}
  m_Material: {fileID: 0}
  m_IsTrigger: 0
  m_Enabled: 1
  serializedVersion: 2
  m_Size: {x: 1.2, y: 1.1999998, z: 1.0298295}
  m_Center: {x: 0, y: -3.6228836e-15, z: 0.5098754}
--- !u!114 &5506894055040065675
MonoBehaviour:
  m_ObjectHideFlags: 0
  m_CorrespondingSourceObject: {fileID: 0}
  m_PrefabInstance: {fileID: 0}
  m_PrefabAsset: {fileID: 0}
  m_GameObject: {fileID: 6660720096041715056}
  m_Enabled: 1
  m_EditorHideFlags: 0
  m_Script: {fileID: 11500000, guid: dda97be5a42422640851d9196efe86dd, type: 3}
  m_Name: 
  m_EditorClassIdentifier: 
  segment: {fileID: 5813804564438022367}
  collider: {fileID: 0}
--- !u!114 &5813804564005537171
MonoBehaviour:
  m_ObjectHideFlags: 0
  m_CorrespondingSourceObject: {fileID: 0}
  m_PrefabInstance: {fileID: 0}
  m_PrefabAsset: {fileID: 0}
  m_GameObject: {fileID: 8269521722689408866}
  m_Enabled: 1
  m_EditorHideFlags: 0
  m_Script: {fileID: 11500000, guid: 5e01f27e0f3b6af4fbd42fbfef0b909d, type: 3}
  m_Name: 
  m_EditorClassIdentifier: 
  UpdateWithPhysics: 0
  UseCenterOfMass: 1
  CenterOfMass: {x: 0, y: 1, z: 0}
  CenterOfMassInertia: 1
  AddWind: 0
  WindDirection: {x: 1, y: 0, z: 0}
  WindStrength: 1
  AddNoise: 0
  NoiseStrength: 1
  NoiseScale: 1
  NoiseSpeed: 1
  RotationInertia: 1
  Gravity: 0.782
  SpringStrength: 1
  Dampening: 1
  BlendToOriginalRotation: 0
  Hinge: 0
  HingeAngle: 0
  UseAngleLimit: 0
  AngleLimit: 180
  UseSoftLimit: 0
  SoftLimitInfluence: 0.5
  SoftLimitStrength: 0.5
  ShowViewportGizmos: 1
  GizmoScale: 0.005
--- !u!114 &5813804563778828653
MonoBehaviour:
  m_ObjectHideFlags: 0
  m_CorrespondingSourceObject: {fileID: 0}
  m_PrefabInstance: {fileID: 0}
  m_PrefabAsset: {fileID: 0}
  m_GameObject: {fileID: 8490537508427343469}
  m_Enabled: 1
  m_EditorHideFlags: 0
  m_Script: {fileID: 11500000, guid: 5e01f27e0f3b6af4fbd42fbfef0b909d, type: 3}
  m_Name: 
  m_EditorClassIdentifier: 
  UpdateWithPhysics: 0
  UseCenterOfMass: 1
  CenterOfMass: {x: 0, y: 1, z: 0}
  CenterOfMassInertia: 1
  AddWind: 0
  WindDirection: {x: 1, y: 0, z: 0}
  WindStrength: 1
  AddNoise: 0
  NoiseStrength: 1
  NoiseScale: 1
  NoiseSpeed: 1
  RotationInertia: 1
  Gravity: 0.569
  SpringStrength: 1
  Dampening: 1
  BlendToOriginalRotation: 0
  Hinge: 0
  HingeAngle: 0
  UseAngleLimit: 0
  AngleLimit: 180
  UseSoftLimit: 0
  SoftLimitInfluence: 0.5
  SoftLimitStrength: 0.5
  ShowViewportGizmos: 1
  GizmoScale: 0.007
--- !u!114 &5070068618155911163
MonoBehaviour:
  m_ObjectHideFlags: 0
  m_CorrespondingSourceObject: {fileID: 0}
  m_PrefabInstance: {fileID: 0}
  m_PrefabAsset: {fileID: 0}
  m_GameObject: {fileID: 8735842226391158961}
  m_Enabled: 1
  m_EditorHideFlags: 0
  m_Script: {fileID: 11500000, guid: 5e01f27e0f3b6af4fbd42fbfef0b909d, type: 3}
  m_Name: 
  m_EditorClassIdentifier: 
  UpdateWithPhysics: 0
  UseCenterOfMass: 1
  CenterOfMass: {x: 0, y: 1, z: 0}
  CenterOfMassInertia: 1
  AddWind: 0
  WindDirection: {x: 1, y: 0, z: 0}
  WindStrength: 1
  AddNoise: 0
  NoiseStrength: 1
  NoiseScale: 1
  NoiseSpeed: 1
  RotationInertia: 1
  Gravity: 0
  SpringStrength: 1
  Dampening: 1
  BlendToOriginalRotation: 0
  Hinge: 0
  HingeAngle: 0
  UseAngleLimit: 0
  AngleLimit: 180
  UseSoftLimit: 0
  SoftLimitInfluence: 0.5
  SoftLimitStrength: 0.5
  ShowViewportGizmos: 1
  GizmoScale: 0.007
--- !u!1001 &5813804564014765974
PrefabInstance:
  m_ObjectHideFlags: 0
  serializedVersion: 2
  m_Modification:
    m_TransformParent: {fileID: 6279268092693389258}
    m_Modifications:
    - target: {fileID: -8679921383154817045, guid: 0c5427c679c9e8345a13fc42b9339003, type: 3}
      propertyPath: m_RootOrder
      value: 0
      objectReference: {fileID: 0}
    - target: {fileID: -8679921383154817045, guid: 0c5427c679c9e8345a13fc42b9339003, type: 3}
      propertyPath: m_LocalScale.x
      value: 0.7
      objectReference: {fileID: 0}
    - target: {fileID: -8679921383154817045, guid: 0c5427c679c9e8345a13fc42b9339003, type: 3}
      propertyPath: m_LocalScale.y
      value: 0.7
      objectReference: {fileID: 0}
    - target: {fileID: -8679921383154817045, guid: 0c5427c679c9e8345a13fc42b9339003, type: 3}
      propertyPath: m_LocalScale.z
      value: 0.7
      objectReference: {fileID: 0}
    - target: {fileID: -8679921383154817045, guid: 0c5427c679c9e8345a13fc42b9339003, type: 3}
      propertyPath: m_LocalPosition.x
      value: 0.345
      objectReference: {fileID: 0}
    - target: {fileID: -8679921383154817045, guid: 0c5427c679c9e8345a13fc42b9339003, type: 3}
      propertyPath: m_LocalPosition.y
      value: -0.291
      objectReference: {fileID: 0}
    - target: {fileID: -8679921383154817045, guid: 0c5427c679c9e8345a13fc42b9339003, type: 3}
      propertyPath: m_LocalPosition.z
      value: 0.919
      objectReference: {fileID: 0}
    - target: {fileID: -8679921383154817045, guid: 0c5427c679c9e8345a13fc42b9339003, type: 3}
      propertyPath: m_LocalRotation.w
      value: 0.44557866
      objectReference: {fileID: 0}
    - target: {fileID: -8679921383154817045, guid: 0c5427c679c9e8345a13fc42b9339003, type: 3}
      propertyPath: m_LocalRotation.x
      value: 0.85305476
      objectReference: {fileID: 0}
    - target: {fileID: -8679921383154817045, guid: 0c5427c679c9e8345a13fc42b9339003, type: 3}
      propertyPath: m_LocalRotation.y
      value: 0.23322518
      objectReference: {fileID: 0}
    - target: {fileID: -8679921383154817045, guid: 0c5427c679c9e8345a13fc42b9339003, type: 3}
      propertyPath: m_LocalRotation.z
      value: -0.13915192
      objectReference: {fileID: 0}
    - target: {fileID: -8679921383154817045, guid: 0c5427c679c9e8345a13fc42b9339003, type: 3}
      propertyPath: m_LocalEulerAnglesHint.x
      value: 124.4
      objectReference: {fileID: 0}
    - target: {fileID: -8679921383154817045, guid: 0c5427c679c9e8345a13fc42b9339003, type: 3}
      propertyPath: m_LocalEulerAnglesHint.y
      value: 3
      objectReference: {fileID: 0}
    - target: {fileID: -8679921383154817045, guid: 0c5427c679c9e8345a13fc42b9339003, type: 3}
      propertyPath: m_LocalEulerAnglesHint.z
      value: -29
      objectReference: {fileID: 0}
    - target: {fileID: -6522695966643703301, guid: 0c5427c679c9e8345a13fc42b9339003, type: 3}
      propertyPath: m_Layer
      value: 12
      objectReference: {fileID: 0}
    - target: {fileID: 188058655708357034, guid: 0c5427c679c9e8345a13fc42b9339003, type: 3}
      propertyPath: m_Materials.Array.data[0]
      value: 
      objectReference: {fileID: 2100000, guid: 1ce2fa4857dc1234a8bc8bad52398648, type: 2}
    - target: {fileID: 919132149155446097, guid: 0c5427c679c9e8345a13fc42b9339003, type: 3}
      propertyPath: m_Name
      value: antenna
      objectReference: {fileID: 0}
    - target: {fileID: 919132149155446097, guid: 0c5427c679c9e8345a13fc42b9339003, type: 3}
      propertyPath: m_Layer
      value: 12
      objectReference: {fileID: 0}
    - target: {fileID: 1790183945725220954, guid: 0c5427c679c9e8345a13fc42b9339003, type: 3}
      propertyPath: m_Layer
      value: 12
      objectReference: {fileID: 0}
    - target: {fileID: 2480909740878747892, guid: 0c5427c679c9e8345a13fc42b9339003, type: 3}
      propertyPath: m_Layer
      value: 12
      objectReference: {fileID: 0}
    - target: {fileID: 4398146065261190967, guid: 0c5427c679c9e8345a13fc42b9339003, type: 3}
      propertyPath: m_Layer
      value: 12
      objectReference: {fileID: 0}
    - target: {fileID: 4819001077394492298, guid: 0c5427c679c9e8345a13fc42b9339003, type: 3}
      propertyPath: m_Layer
      value: 12
      objectReference: {fileID: 0}
    - target: {fileID: 6905609870639353253, guid: 0c5427c679c9e8345a13fc42b9339003, type: 3}
      propertyPath: m_Layer
      value: 12
      objectReference: {fileID: 0}
    - target: {fileID: 7036213049465896255, guid: 0c5427c679c9e8345a13fc42b9339003, type: 3}
      propertyPath: m_Layer
      value: 12
      objectReference: {fileID: 0}
    - target: {fileID: 9013638940889411661, guid: 0c5427c679c9e8345a13fc42b9339003, type: 3}
      propertyPath: m_Layer
      value: 12
      objectReference: {fileID: 0}
    m_RemovedComponents: []
  m_SourcePrefab: {fileID: 100100000, guid: 0c5427c679c9e8345a13fc42b9339003, type: 3}
--- !u!1 &1115608365117397555 stripped
GameObject:
  m_CorrespondingSourceObject: {fileID: 6905609870639353253, guid: 0c5427c679c9e8345a13fc42b9339003, type: 3}
  m_PrefabInstance: {fileID: 5813804564014765974}
  m_PrefabAsset: {fileID: 0}
--- !u!1 &5221583618877034444 stripped
GameObject:
  m_CorrespondingSourceObject: {fileID: 1790183945725220954, guid: 0c5427c679c9e8345a13fc42b9339003, type: 3}
  m_PrefabInstance: {fileID: 5813804564014765974}
  m_PrefabAsset: {fileID: 0}
--- !u!1 &1319079152744651804 stripped
GameObject:
  m_CorrespondingSourceObject: {fileID: 4819001077394492298, guid: 0c5427c679c9e8345a13fc42b9339003, type: 3}
  m_PrefabInstance: {fileID: 5813804564014765974}
  m_PrefabAsset: {fileID: 0}
--- !u!1 &8490537508427343469 stripped
GameObject:
  m_CorrespondingSourceObject: {fileID: -6522695966643703301, guid: 0c5427c679c9e8345a13fc42b9339003, type: 3}
  m_PrefabInstance: {fileID: 5813804564014765974}
  m_PrefabAsset: {fileID: 0}
--- !u!1 &8269521722689408866 stripped
GameObject:
  m_CorrespondingSourceObject: {fileID: 2480909740878747892, guid: 0c5427c679c9e8345a13fc42b9339003, type: 3}
  m_PrefabInstance: {fileID: 5813804564014765974}
  m_PrefabAsset: {fileID: 0}
--- !u!1001 &5813804564370061345
PrefabInstance:
  m_ObjectHideFlags: 0
  serializedVersion: 2
  m_Modification:
    m_TransformParent: {fileID: 5813804563158833817}
    m_Modifications:
    - target: {fileID: -8679921383154817045, guid: a02b56942bb9595499cf9056fdf5fd07, type: 3}
      propertyPath: m_RootOrder
      value: 0
      objectReference: {fileID: 0}
    - target: {fileID: -8679921383154817045, guid: a02b56942bb9595499cf9056fdf5fd07, type: 3}
      propertyPath: m_LocalPosition.x
      value: -0
      objectReference: {fileID: 0}
    - target: {fileID: -8679921383154817045, guid: a02b56942bb9595499cf9056fdf5fd07, type: 3}
      propertyPath: m_LocalPosition.y
      value: 0
      objectReference: {fileID: 0}
    - target: {fileID: -8679921383154817045, guid: a02b56942bb9595499cf9056fdf5fd07, type: 3}
      propertyPath: m_LocalPosition.z
      value: 0
      objectReference: {fileID: 0}
    - target: {fileID: -8679921383154817045, guid: a02b56942bb9595499cf9056fdf5fd07, type: 3}
      propertyPath: m_LocalRotation.w
      value: 0.7071067
      objectReference: {fileID: 0}
    - target: {fileID: -8679921383154817045, guid: a02b56942bb9595499cf9056fdf5fd07, type: 3}
      propertyPath: m_LocalRotation.x
      value: -0.7071068
      objectReference: {fileID: 0}
    - target: {fileID: -8679921383154817045, guid: a02b56942bb9595499cf9056fdf5fd07, type: 3}
      propertyPath: m_LocalRotation.y
      value: 0
      objectReference: {fileID: 0}
    - target: {fileID: -8679921383154817045, guid: a02b56942bb9595499cf9056fdf5fd07, type: 3}
      propertyPath: m_LocalRotation.z
      value: -0
      objectReference: {fileID: 0}
    - target: {fileID: -8679921383154817045, guid: a02b56942bb9595499cf9056fdf5fd07, type: 3}
      propertyPath: m_LocalEulerAnglesHint.x
      value: 0
      objectReference: {fileID: 0}
    - target: {fileID: -8679921383154817045, guid: a02b56942bb9595499cf9056fdf5fd07, type: 3}
      propertyPath: m_LocalEulerAnglesHint.y
      value: 0
      objectReference: {fileID: 0}
    - target: {fileID: -8679921383154817045, guid: a02b56942bb9595499cf9056fdf5fd07, type: 3}
      propertyPath: m_LocalEulerAnglesHint.z
      value: 0
      objectReference: {fileID: 0}
    - target: {fileID: -7511558181221131132, guid: a02b56942bb9595499cf9056fdf5fd07, type: 3}
      propertyPath: m_Materials.Array.size
      value: 2
      objectReference: {fileID: 0}
    - target: {fileID: -7511558181221131132, guid: a02b56942bb9595499cf9056fdf5fd07, type: 3}
      propertyPath: m_Materials.Array.data[0]
      value: 
      objectReference: {fileID: 2100000, guid: 57958ab9be9d8e84ba80228f48b64c28, type: 2}
    - target: {fileID: -7511558181221131132, guid: a02b56942bb9595499cf9056fdf5fd07, type: 3}
      propertyPath: m_Materials.Array.data[1]
      value: 
      objectReference: {fileID: 2100000, guid: 92956b1a52ff6dd4dab46b493fdf4670, type: 2}
    - target: {fileID: -5754084199372789682, guid: a02b56942bb9595499cf9056fdf5fd07, type: 3}
      propertyPath: m_Mesh
      value: 
      objectReference: {fileID: -5495902117074765545, guid: 2f200876c5d15424aa49d6cadba9953e, type: 3}
    - target: {fileID: 919132149155446097, guid: a02b56942bb9595499cf9056fdf5fd07, type: 3}
      propertyPath: m_Name
      value: Segment_1
      objectReference: {fileID: 0}
    - target: {fileID: 919132149155446097, guid: a02b56942bb9595499cf9056fdf5fd07, type: 3}
      propertyPath: m_Layer
      value: 12
      objectReference: {fileID: 0}
    m_RemovedComponents: []
  m_SourcePrefab: {fileID: 100100000, guid: a02b56942bb9595499cf9056fdf5fd07, type: 3}
--- !u!1 &6660720096041715056 stripped
GameObject:
  m_CorrespondingSourceObject: {fileID: 919132149155446097, guid: a02b56942bb9595499cf9056fdf5fd07, type: 3}
  m_PrefabInstance: {fileID: 5813804564370061345}
  m_PrefabAsset: {fileID: 0}
--- !u!4 &6279268092693389258 stripped
Transform:
  m_CorrespondingSourceObject: {fileID: -8679921383154817045, guid: a02b56942bb9595499cf9056fdf5fd07, type: 3}
  m_PrefabInstance: {fileID: 5813804564370061345}
  m_PrefabAsset: {fileID: 0}
--- !u!1001 &7053746321595304171
PrefabInstance:
  m_ObjectHideFlags: 0
  serializedVersion: 2
  m_Modification:
    m_TransformParent: {fileID: 6279268092693389258}
    m_Modifications:
    - target: {fileID: -8679921383154817045, guid: 0c5427c679c9e8345a13fc42b9339003, type: 3}
      propertyPath: m_RootOrder
      value: 1
      objectReference: {fileID: 0}
    - target: {fileID: -8679921383154817045, guid: 0c5427c679c9e8345a13fc42b9339003, type: 3}
      propertyPath: m_LocalScale.x
      value: 0.7
      objectReference: {fileID: 0}
    - target: {fileID: -8679921383154817045, guid: 0c5427c679c9e8345a13fc42b9339003, type: 3}
      propertyPath: m_LocalScale.y
      value: 0.7
      objectReference: {fileID: 0}
    - target: {fileID: -8679921383154817045, guid: 0c5427c679c9e8345a13fc42b9339003, type: 3}
      propertyPath: m_LocalScale.z
      value: 0.7
      objectReference: {fileID: 0}
    - target: {fileID: -8679921383154817045, guid: 0c5427c679c9e8345a13fc42b9339003, type: 3}
      propertyPath: m_LocalPosition.x
      value: -0.345
      objectReference: {fileID: 0}
    - target: {fileID: -8679921383154817045, guid: 0c5427c679c9e8345a13fc42b9339003, type: 3}
      propertyPath: m_LocalPosition.y
      value: -0.291
      objectReference: {fileID: 0}
    - target: {fileID: -8679921383154817045, guid: 0c5427c679c9e8345a13fc42b9339003, type: 3}
      propertyPath: m_LocalPosition.z
      value: 0.919
      objectReference: {fileID: 0}
    - target: {fileID: -8679921383154817045, guid: 0c5427c679c9e8345a13fc42b9339003, type: 3}
      propertyPath: m_LocalRotation.w
      value: 0.35293713
      objectReference: {fileID: 0}
    - target: {fileID: -8679921383154817045, guid: 0c5427c679c9e8345a13fc42b9339003, type: 3}
      propertyPath: m_LocalRotation.x
      value: 0.8963287
      objectReference: {fileID: 0}
    - target: {fileID: -8679921383154817045, guid: 0c5427c679c9e8345a13fc42b9339003, type: 3}
      propertyPath: m_LocalRotation.y
      value: -0.24183649
      objectReference: {fileID: 0}
    - target: {fileID: -8679921383154817045, guid: 0c5427c679c9e8345a13fc42b9339003, type: 3}
      propertyPath: m_LocalRotation.z
      value: 0.11638467
      objectReference: {fileID: 0}
    - target: {fileID: -8679921383154817045, guid: 0c5427c679c9e8345a13fc42b9339003, type: 3}
      propertyPath: m_LocalEulerAnglesHint.x
      value: 136.45
      objectReference: {fileID: 0}
    - target: {fileID: -8679921383154817045, guid: 0c5427c679c9e8345a13fc42b9339003, type: 3}
      propertyPath: m_LocalEulerAnglesHint.y
      value: -3
      objectReference: {fileID: 0}
    - target: {fileID: -8679921383154817045, guid: 0c5427c679c9e8345a13fc42b9339003, type: 3}
      propertyPath: m_LocalEulerAnglesHint.z
      value: 29
      objectReference: {fileID: 0}
    - target: {fileID: -6522695966643703301, guid: 0c5427c679c9e8345a13fc42b9339003, type: 3}
      propertyPath: m_Layer
      value: 12
      objectReference: {fileID: 0}
    - target: {fileID: 188058655708357034, guid: 0c5427c679c9e8345a13fc42b9339003, type: 3}
      propertyPath: m_Materials.Array.data[0]
      value: 
      objectReference: {fileID: 2100000, guid: 1ce2fa4857dc1234a8bc8bad52398648, type: 2}
    - target: {fileID: 919132149155446097, guid: 0c5427c679c9e8345a13fc42b9339003, type: 3}
      propertyPath: m_Name
      value: antenna (1)
      objectReference: {fileID: 0}
    - target: {fileID: 919132149155446097, guid: 0c5427c679c9e8345a13fc42b9339003, type: 3}
      propertyPath: m_Layer
      value: 12
      objectReference: {fileID: 0}
    - target: {fileID: 1790183945725220954, guid: 0c5427c679c9e8345a13fc42b9339003, type: 3}
      propertyPath: m_Layer
      value: 12
      objectReference: {fileID: 0}
    - target: {fileID: 2480909740878747892, guid: 0c5427c679c9e8345a13fc42b9339003, type: 3}
      propertyPath: m_Layer
      value: 12
      objectReference: {fileID: 0}
    - target: {fileID: 4398146065261190967, guid: 0c5427c679c9e8345a13fc42b9339003, type: 3}
      propertyPath: m_Layer
      value: 12
      objectReference: {fileID: 0}
    - target: {fileID: 4819001077394492298, guid: 0c5427c679c9e8345a13fc42b9339003, type: 3}
      propertyPath: m_Layer
      value: 12
      objectReference: {fileID: 0}
    - target: {fileID: 6905609870639353253, guid: 0c5427c679c9e8345a13fc42b9339003, type: 3}
      propertyPath: m_Layer
      value: 12
      objectReference: {fileID: 0}
    - target: {fileID: 7036213049465896255, guid: 0c5427c679c9e8345a13fc42b9339003, type: 3}
      propertyPath: m_Layer
      value: 12
      objectReference: {fileID: 0}
    - target: {fileID: 9013638940889411661, guid: 0c5427c679c9e8345a13fc42b9339003, type: 3}
      propertyPath: m_Layer
      value: 12
      objectReference: {fileID: 0}
    m_RemovedComponents: []
  m_SourcePrefab: {fileID: 100100000, guid: 0c5427c679c9e8345a13fc42b9339003, type: 3}
--- !u!1 &4482866683048609102 stripped
GameObject:
  m_CorrespondingSourceObject: {fileID: 6905609870639353253, guid: 0c5427c679c9e8345a13fc42b9339003, type: 3}
  m_PrefabInstance: {fileID: 7053746321595304171}
  m_PrefabAsset: {fileID: 0}
--- !u!1 &8735842226391158961 stripped
GameObject:
  m_CorrespondingSourceObject: {fileID: 1790183945725220954, guid: 0c5427c679c9e8345a13fc42b9339003, type: 3}
  m_PrefabInstance: {fileID: 7053746321595304171}
  m_PrefabAsset: {fileID: 0}
--- !u!1 &2522991172565779297 stripped
GameObject:
  m_CorrespondingSourceObject: {fileID: 4819001077394492298, guid: 0c5427c679c9e8345a13fc42b9339003, type: 3}
  m_PrefabInstance: {fileID: 7053746321595304171}
  m_PrefabAsset: {fileID: 0}
--- !u!1 &4943063960308693264 stripped
GameObject:
  m_CorrespondingSourceObject: {fileID: -6522695966643703301, guid: 0c5427c679c9e8345a13fc42b9339003, type: 3}
  m_PrefabInstance: {fileID: 7053746321595304171}
  m_PrefabAsset: {fileID: 0}
--- !u!1 &4867835582678192159 stripped
GameObject:
  m_CorrespondingSourceObject: {fileID: 2480909740878747892, guid: 0c5427c679c9e8345a13fc42b9339003, type: 3}
  m_PrefabInstance: {fileID: 7053746321595304171}
  m_PrefabAsset: {fileID: 0}
