%YAML 1.1
%TAG !u! tag:unity3d.com,2011:
--- !u!64 &6558294005806173237
MeshCollider:
  m_ObjectHideFlags: 0
  m_CorrespondingSourceObject: {fileID: 0}
  m_PrefabInstance: {fileID: 0}
  m_PrefabAsset: {fileID: 0}
  m_GameObject: {fileID: 2814140211326113435}
  m_Material: {fileID: 0}
  m_IsTrigger: 0
  m_Enabled: 1
  serializedVersion: 4
  m_Convex: 1
  m_CookingOptions: 30
  m_Mesh: {fileID: 5535028233509875347, guid: c18c70c1a539d3e4f86b6f0772917fac, type: 3}
--- !u!114 &6558294005806173239
MonoBehaviour:
  m_ObjectHideFlags: 0
  m_CorrespondingSourceObject: {fileID: 0}
  m_PrefabInstance: {fileID: 0}
  m_PrefabAsset: {fileID: 0}
  m_GameObject: {fileID: 2814140211326113435}
  m_Enabled: 1
  m_EditorHideFlags: 0
  m_Script: {fileID: 11500000, guid: cad7310c0b7b7dd41b8edff6e701f031, type: 3}
  m_Name: 
  m_EditorClassIdentifier: 
  obstacle: {fileID: 6558294006587758566}
--- !u!54 &8384320516681331356
Rigidbody:
  m_ObjectHideFlags: 0
  m_CorrespondingSourceObject: {fileID: 0}
  m_PrefabInstance: {fileID: 0}
  m_PrefabAsset: {fileID: 0}
  m_GameObject: {fileID: 2814140211326113435}
  serializedVersion: 2
  m_Mass: 1
  m_Drag: 0
  m_AngularDrag: 0.05
  m_UseGravity: 1
  m_IsKinematic: 1
  m_Interpolate: 0
  m_Constraints: 0
  m_CollisionDetection: 0
--- !u!1 &6558294006587758565
GameObject:
  m_ObjectHideFlags: 0
  m_CorrespondingSourceObject: {fileID: 0}
  m_PrefabInstance: {fileID: 0}
  m_PrefabAsset: {fileID: 0}
  serializedVersion: 6
  m_Component:
  - component: {fileID: 6558294006587758567}
  - component: {fileID: 6558294006587758566}
  m_Layer: 0
  m_Name: gilliotine_Obstacle
  m_TagString: Untagged
  m_Icon: {fileID: 0}
  m_NavMeshLayer: 0
  m_StaticEditorFlags: 0
  m_IsActive: 1
--- !u!4 &6558294006587758567
Transform:
  m_ObjectHideFlags: 0
  m_CorrespondingSourceObject: {fileID: 0}
  m_PrefabInstance: {fileID: 0}
  m_PrefabAsset: {fileID: 0}
  m_GameObject: {fileID: 6558294006587758565}
  m_LocalRotation: {x: 0, y: 0.7071068, z: 0, w: 0.7071068}
  m_LocalPosition: {x: -11.02, y: 0.45, z: 27.78223}
  m_LocalScale: {x: 1, y: 1, z: 1}
  m_Children:
  - {fileID: 6667866066070827841}
  - {fileID: 6558294006090374244}
  - {fileID: 6558294006554950344}
  - {fileID: 6558294006959699357}
  m_Father: {fileID: 0}
  m_RootOrder: 0
  m_LocalEulerAnglesHint: {x: 0, y: 90, z: 0}
--- !u!114 &6558294006587758566
MonoBehaviour:
  m_ObjectHideFlags: 0
  m_CorrespondingSourceObject: {fileID: 0}
  m_PrefabInstance: {fileID: 0}
  m_PrefabAsset: {fileID: 0}
  m_GameObject: {fileID: 6558294006587758565}
  m_Enabled: 1
  m_EditorHideFlags: 0
  m_Script: {fileID: 11500000, guid: cd7f78442034a624dad2493d1b8a28a7, type: 3}
  m_Name: 
  m_EditorClassIdentifier: 
  blade: {fileID: 6164540947867153307}
  bladeMoveUpCurve:
    serializedVersion: 2
    m_Curve:
    - serializedVersion: 3
      time: 0
      value: -0.15
      inSlope: 1.025
      outSlope: 1.025
      tangentMode: 34
      weightedMode: 0
      inWeight: 0
      outWeight: 0.33333334
    - serializedVersion: 3
      time: 1.4
      value: 1.285
      inSlope: 0
      outSlope: 0
      tangentMode: 0
      weightedMode: 0
      inWeight: 0.33333334
      outWeight: 0.33333334
    - serializedVersion: 3
      time: 1.8
      value: 1.285
      inSlope: 0.10268839
      outSlope: 0.10268839
      tangentMode: 0
      weightedMode: 0
      inWeight: 0.060840473
      outWeight: 0
    m_PreInfinity: 2
    m_PostInfinity: 2
    m_RotationOrder: 4
  bladeMoveDownCurve:
    serializedVersion: 2
    m_Curve:
    - serializedVersion: 3
      time: 0
      value: 1.285
      inSlope: -0.73035336
      outSlope: -0.73035336
      tangentMode: 0
      weightedMode: 0
      inWeight: 0
      outWeight: 0.2785969
    - serializedVersion: 3
      time: 0.23
      value: -0.15
      inSlope: -16.891428
      outSlope: -16.891428
      tangentMode: 0
      weightedMode: 0
      inWeight: 0.07140779
      outWeight: 0
    m_PreInfinity: 2
    m_PostInfinity: 2
    m_RotationOrder: 4
  hitParts:
  - {fileID: 6558294006076264148}
  - {fileID: 6558294006540740728}
--- !u!1 &6558294006959699356
GameObject:
  m_ObjectHideFlags: 0
  m_CorrespondingSourceObject: {fileID: 0}
  m_PrefabInstance: {fileID: 0}
  m_PrefabAsset: {fileID: 0}
  serializedVersion: 6
  m_Component:
  - component: {fileID: 6558294006959699357}
  m_Layer: 0
  m_Name: particlesPlant
  m_TagString: Untagged
  m_Icon: {fileID: 0}
  m_NavMeshLayer: 0
  m_StaticEditorFlags: 0
  m_IsActive: 1
--- !u!4 &6558294006959699357
Transform:
  m_ObjectHideFlags: 0
  m_CorrespondingSourceObject: {fileID: 0}
  m_PrefabInstance: {fileID: 0}
  m_PrefabAsset: {fileID: 0}
  m_GameObject: {fileID: 6558294006959699356}
  m_LocalRotation: {x: 0, y: 0, z: 0, w: 1}
  m_LocalPosition: {x: 0, y: -0.07, z: 0}
  m_LocalScale: {x: 1, y: 1, z: 1}
  m_Children: []
  m_Father: {fileID: 6558294006587758567}
  m_RootOrder: 3
  m_LocalEulerAnglesHint: {x: 0, y: 0, z: 0}
--- !u!65 &2127159471
BoxCollider:
  m_ObjectHideFlags: 0
  m_CorrespondingSourceObject: {fileID: 0}
  m_PrefabInstance: {fileID: 0}
  m_PrefabAsset: {fileID: 0}
  m_GameObject: {fileID: 8367544746825441017}
  m_Material: {fileID: 0}
  m_IsTrigger: 0
  m_Enabled: 1
  serializedVersion: 2
  m_Size: {x: 0.11, y: 0.10000012, z: 1.55}
  m_Center: {x: 1.4355086e-14, y: -0.000000047534705, z: 0.725}
--- !u!65 &878967070
BoxCollider:
  m_ObjectHideFlags: 0
  m_CorrespondingSourceObject: {fileID: 0}
  m_PrefabInstance: {fileID: 0}
  m_PrefabAsset: {fileID: 0}
  m_GameObject: {fileID: 8987386426385563583}
  m_Material: {fileID: 0}
  m_IsTrigger: 0
  m_Enabled: 1
  serializedVersion: 2
  m_Size: {x: 0.11, y: 0.09999999, z: 1.5499997}
  m_Center: {x: -0.000000029802322, y: 0, z: 0.7249999}
--- !u!1001 &6558294005337363626
PrefabInstance:
  m_ObjectHideFlags: 0
  serializedVersion: 2
  m_Modification:
    m_TransformParent: {fileID: 6558294006587758567}
    m_Modifications:
    - target: {fileID: -8679921383154817045, guid: c18c70c1a539d3e4f86b6f0772917fac, type: 3}
      propertyPath: m_RootOrder
      value: 0
      objectReference: {fileID: 0}
    - target: {fileID: -8679921383154817045, guid: c18c70c1a539d3e4f86b6f0772917fac, type: 3}
      propertyPath: m_LocalPosition.x
      value: 0
      objectReference: {fileID: 0}
    - target: {fileID: -8679921383154817045, guid: c18c70c1a539d3e4f86b6f0772917fac, type: 3}
      propertyPath: m_LocalPosition.y
      value: 0
      objectReference: {fileID: 0}
    - target: {fileID: -8679921383154817045, guid: c18c70c1a539d3e4f86b6f0772917fac, type: 3}
      propertyPath: m_LocalPosition.z
      value: 0
      objectReference: {fileID: 0}
    - target: {fileID: -8679921383154817045, guid: c18c70c1a539d3e4f86b6f0772917fac, type: 3}
      propertyPath: m_LocalRotation.w
      value: 1
      objectReference: {fileID: 0}
    - target: {fileID: -8679921383154817045, guid: c18c70c1a539d3e4f86b6f0772917fac, type: 3}
      propertyPath: m_LocalRotation.x
      value: -0
      objectReference: {fileID: 0}
    - target: {fileID: -8679921383154817045, guid: c18c70c1a539d3e4f86b6f0772917fac, type: 3}
      propertyPath: m_LocalRotation.y
      value: -0
      objectReference: {fileID: 0}
    - target: {fileID: -8679921383154817045, guid: c18c70c1a539d3e4f86b6f0772917fac, type: 3}
      propertyPath: m_LocalRotation.z
      value: -0
      objectReference: {fileID: 0}
    - target: {fileID: -8679921383154817045, guid: c18c70c1a539d3e4f86b6f0772917fac, type: 3}
      propertyPath: m_LocalEulerAnglesHint.x
      value: 0
      objectReference: {fileID: 0}
    - target: {fileID: -8679921383154817045, guid: c18c70c1a539d3e4f86b6f0772917fac, type: 3}
      propertyPath: m_LocalEulerAnglesHint.y
      value: 90
      objectReference: {fileID: 0}
    - target: {fileID: -8679921383154817045, guid: c18c70c1a539d3e4f86b6f0772917fac, type: 3}
      propertyPath: m_LocalEulerAnglesHint.z
      value: 0
      objectReference: {fileID: 0}
    - target: {fileID: -8174203807298902223, guid: c18c70c1a539d3e4f86b6f0772917fac, type: 3}
      propertyPath: m_LocalPosition.y
      value: 1.285
      objectReference: {fileID: 0}
    - target: {fileID: -6360734205217477867, guid: c18c70c1a539d3e4f86b6f0772917fac, type: 3}
      propertyPath: m_Layer
      value: 6
      objectReference: {fileID: 0}
    - target: {fileID: 919132149155446097, guid: c18c70c1a539d3e4f86b6f0772917fac, type: 3}
      propertyPath: m_Name
      value: "\u0433\u0438\u043B\u044C\u043E\u0442\u0438\u043D\u0430"
      objectReference: {fileID: 0}
    - target: {fileID: 3394799581920381523, guid: c18c70c1a539d3e4f86b6f0772917fac, type: 3}
      propertyPath: m_Layer
      value: 6
      objectReference: {fileID: 0}
    - target: {fileID: 6240006516454883877, guid: c18c70c1a539d3e4f86b6f0772917fac, type: 3}
      propertyPath: m_Materials.Array.data[0]
      value: 
      objectReference: {fileID: 2100000, guid: 9cf811c45dd37884a864beee036d0d3e, type: 2}
    - target: {fileID: 6415836379046562551, guid: c18c70c1a539d3e4f86b6f0772917fac, type: 3}
      propertyPath: m_Materials.Array.data[0]
      value: 
      objectReference: {fileID: 2100000, guid: 9cf811c45dd37884a864beee036d0d3e, type: 2}
    - target: {fileID: 7531686595803625041, guid: c18c70c1a539d3e4f86b6f0772917fac, type: 3}
      propertyPath: m_Enabled
      value: 1
      objectReference: {fileID: 0}
    - target: {fileID: 7531686595803625041, guid: c18c70c1a539d3e4f86b6f0772917fac, type: 3}
      propertyPath: m_Materials.Array.data[0]
      value: 
      objectReference: {fileID: 2100000, guid: d1b5d5cdb6622c44d87145ddedaecfae, type: 2}
    - target: {fileID: 7531686595803625041, guid: c18c70c1a539d3e4f86b6f0772917fac, type: 3}
      propertyPath: m_Materials.Array.data[1]
      value: 
      objectReference: {fileID: 2100000, guid: 187782e74ec9a3d4095ebbaa39244c4a, type: 2}
    - target: {fileID: 8939196909575815729, guid: c18c70c1a539d3e4f86b6f0772917fac, type: 3}
      propertyPath: m_Layer
      value: 6
      objectReference: {fileID: 0}
    m_RemovedComponents: []
  m_SourcePrefab: {fileID: 100100000, guid: c18c70c1a539d3e4f86b6f0772917fac, type: 3}
--- !u!4 &6667866066070827841 stripped
Transform:
  m_CorrespondingSourceObject: {fileID: -8679921383154817045, guid: c18c70c1a539d3e4f86b6f0772917fac, type: 3}
  m_PrefabInstance: {fileID: 6558294005337363626}
  m_PrefabAsset: {fileID: 0}
--- !u!1 &2814140211326113435 stripped
GameObject:
  m_CorrespondingSourceObject: {fileID: 8939196909575815729, guid: c18c70c1a539d3e4f86b6f0772917fac, type: 3}
  m_PrefabInstance: {fileID: 6558294005337363626}
  m_PrefabAsset: {fileID: 0}
--- !u!4 &6164540947867153307 stripped
Transform:
  m_CorrespondingSourceObject: {fileID: -8174203807298902223, guid: c18c70c1a539d3e4f86b6f0772917fac, type: 3}
  m_PrefabInstance: {fileID: 6558294005337363626}
  m_PrefabAsset: {fileID: 0}
--- !u!1 &8987386426385563583 stripped
GameObject:
  m_CorrespondingSourceObject: {fileID: -6360734205217477867, guid: c18c70c1a539d3e4f86b6f0772917fac, type: 3}
  m_PrefabInstance: {fileID: 6558294005337363626}
  m_PrefabAsset: {fileID: 0}
--- !u!1 &8367544746825441017 stripped
GameObject:
  m_CorrespondingSourceObject: {fileID: 3394799581920381523, guid: c18c70c1a539d3e4f86b6f0772917fac, type: 3}
  m_PrefabInstance: {fileID: 6558294005337363626}
  m_PrefabAsset: {fileID: 0}
--- !u!1001 &6558294006090004266
PrefabInstance:
  m_ObjectHideFlags: 0
  serializedVersion: 2
  m_Modification:
    m_TransformParent: {fileID: 6558294006587758567}
    m_Modifications:
    - target: {fileID: 128010, guid: 9f6e8efda3a5af24983aa491ef86446f, type: 3}
      propertyPath: m_Name
      value: SparkRadialExplosionYellow
      objectReference: {fileID: 0}
    - target: {fileID: 420686, guid: 9f6e8efda3a5af24983aa491ef86446f, type: 3}
      propertyPath: m_RootOrder
      value: 1
      objectReference: {fileID: 0}
    - target: {fileID: 420686, guid: 9f6e8efda3a5af24983aa491ef86446f, type: 3}
      propertyPath: m_LocalScale.x
      value: 0.6
      objectReference: {fileID: 0}
    - target: {fileID: 420686, guid: 9f6e8efda3a5af24983aa491ef86446f, type: 3}
      propertyPath: m_LocalScale.y
      value: 0.6
      objectReference: {fileID: 0}
    - target: {fileID: 420686, guid: 9f6e8efda3a5af24983aa491ef86446f, type: 3}
      propertyPath: m_LocalScale.z
      value: 0.6
      objectReference: {fileID: 0}
    - target: {fileID: 420686, guid: 9f6e8efda3a5af24983aa491ef86446f, type: 3}
      propertyPath: m_LocalPosition.x
      value: 0.456
      objectReference: {fileID: 0}
    - target: {fileID: 420686, guid: 9f6e8efda3a5af24983aa491ef86446f, type: 3}
      propertyPath: m_LocalPosition.y
      value: 0.059
      objectReference: {fileID: 0}
    - target: {fileID: 420686, guid: 9f6e8efda3a5af24983aa491ef86446f, type: 3}
      propertyPath: m_LocalPosition.z
      value: 0
      objectReference: {fileID: 0}
    - target: {fileID: 420686, guid: 9f6e8efda3a5af24983aa491ef86446f, type: 3}
      propertyPath: m_LocalRotation.w
      value: 0.7071067
      objectReference: {fileID: 0}
    - target: {fileID: 420686, guid: 9f6e8efda3a5af24983aa491ef86446f, type: 3}
      propertyPath: m_LocalRotation.x
      value: -0.7071068
      objectReference: {fileID: 0}
    - target: {fileID: 420686, guid: 9f6e8efda3a5af24983aa491ef86446f, type: 3}
      propertyPath: m_LocalRotation.y
      value: 0
      objectReference: {fileID: 0}
    - target: {fileID: 420686, guid: 9f6e8efda3a5af24983aa491ef86446f, type: 3}
      propertyPath: m_LocalRotation.z
      value: 0
      objectReference: {fileID: 0}
    - target: {fileID: 420686, guid: 9f6e8efda3a5af24983aa491ef86446f, type: 3}
      propertyPath: m_LocalEulerAnglesHint.x
      value: -90
      objectReference: {fileID: 0}
    - target: {fileID: 420686, guid: 9f6e8efda3a5af24983aa491ef86446f, type: 3}
      propertyPath: m_LocalEulerAnglesHint.y
      value: 0
      objectReference: {fileID: 0}
    - target: {fileID: 420686, guid: 9f6e8efda3a5af24983aa491ef86446f, type: 3}
      propertyPath: m_LocalEulerAnglesHint.z
      value: 0
      objectReference: {fileID: 0}
    - target: {fileID: 19821118, guid: 9f6e8efda3a5af24983aa491ef86446f, type: 3}
      propertyPath: playOnAwake
      value: 0
      objectReference: {fileID: 0}
    - target: {fileID: 19821118, guid: 9f6e8efda3a5af24983aa491ef86446f, type: 3}
      propertyPath: InitialModule.startRotationX.minMaxState
      value: 3
      objectReference: {fileID: 0}
    - target: {fileID: 19821118, guid: 9f6e8efda3a5af24983aa491ef86446f, type: 3}
      propertyPath: InitialModule.startRotationY.minMaxState
      value: 3
      objectReference: {fileID: 0}
    - target: {fileID: 19839486, guid: 9f6e8efda3a5af24983aa491ef86446f, type: 3}
      propertyPath: playOnAwake
      value: 0
      objectReference: {fileID: 0}
    - target: {fileID: 19839486, guid: 9f6e8efda3a5af24983aa491ef86446f, type: 3}
      propertyPath: CollisionModule.type
      value: 0
      objectReference: {fileID: 0}
    - target: {fileID: 19839486, guid: 9f6e8efda3a5af24983aa491ef86446f, type: 3}
      propertyPath: CollisionModule.m_Planes.Array.size
      value: 1
      objectReference: {fileID: 0}
    - target: {fileID: 19839486, guid: 9f6e8efda3a5af24983aa491ef86446f, type: 3}
      propertyPath: CollisionModule.m_Planes.Array.data[0]
      value: 
      objectReference: {fileID: 6558294006959699357}
    - target: {fileID: 19863100, guid: 9f6e8efda3a5af24983aa491ef86446f, type: 3}
      propertyPath: playOnAwake
      value: 0
      objectReference: {fileID: 0}
    - target: {fileID: 19863100, guid: 9f6e8efda3a5af24983aa491ef86446f, type: 3}
      propertyPath: CollisionModule.type
      value: 0
      objectReference: {fileID: 0}
    - target: {fileID: 19863100, guid: 9f6e8efda3a5af24983aa491ef86446f, type: 3}
      propertyPath: CollisionModule.m_Planes.Array.size
      value: 1
      objectReference: {fileID: 0}
    - target: {fileID: 19863100, guid: 9f6e8efda3a5af24983aa491ef86446f, type: 3}
      propertyPath: CollisionModule.m_Planes.Array.data[0]
      value: 
      objectReference: {fileID: 6558294006959699357}
    - target: {fileID: 19882858, guid: 9f6e8efda3a5af24983aa491ef86446f, type: 3}
      propertyPath: playOnAwake
      value: 0
      objectReference: {fileID: 0}
    - target: {fileID: 19882858, guid: 9f6e8efda3a5af24983aa491ef86446f, type: 3}
      propertyPath: InitialModule.startSizeY.minMaxState
      value: 3
      objectReference: {fileID: 0}
    - target: {fileID: 19882858, guid: 9f6e8efda3a5af24983aa491ef86446f, type: 3}
      propertyPath: InitialModule.startSizeZ.minMaxState
      value: 3
      objectReference: {fileID: 0}
    - target: {fileID: 19883486, guid: 9f6e8efda3a5af24983aa491ef86446f, type: 3}
      propertyPath: playOnAwake
      value: 0
      objectReference: {fileID: 0}
    - target: {fileID: 19915994, guid: 9f6e8efda3a5af24983aa491ef86446f, type: 3}
      propertyPath: m_SortingOrder
      value: 1
      objectReference: {fileID: 0}
    - target: {fileID: 19915994, guid: 9f6e8efda3a5af24983aa491ef86446f, type: 3}
      propertyPath: m_Materials.Array.size
      value: 1
      objectReference: {fileID: 0}
    - target: {fileID: 19916528, guid: 9f6e8efda3a5af24983aa491ef86446f, type: 3}
      propertyPath: m_SortingOrder
      value: 1
      objectReference: {fileID: 0}
    - target: {fileID: 19916528, guid: 9f6e8efda3a5af24983aa491ef86446f, type: 3}
      propertyPath: m_Materials.Array.size
      value: 1
      objectReference: {fileID: 0}
    - target: {fileID: 19920658, guid: 9f6e8efda3a5af24983aa491ef86446f, type: 3}
      propertyPath: m_SortingOrder
      value: 1
      objectReference: {fileID: 0}
    - target: {fileID: 19920658, guid: 9f6e8efda3a5af24983aa491ef86446f, type: 3}
      propertyPath: m_Materials.Array.size
      value: 1
      objectReference: {fileID: 0}
    - target: {fileID: 19930792, guid: 9f6e8efda3a5af24983aa491ef86446f, type: 3}
      propertyPath: m_SortingOrder
      value: 1
      objectReference: {fileID: 0}
    - target: {fileID: 19930792, guid: 9f6e8efda3a5af24983aa491ef86446f, type: 3}
      propertyPath: m_Materials.Array.size
      value: 1
      objectReference: {fileID: 0}
    - target: {fileID: 19951298, guid: 9f6e8efda3a5af24983aa491ef86446f, type: 3}
      propertyPath: m_SortingOrder
      value: 1
      objectReference: {fileID: 0}
    - target: {fileID: 19951298, guid: 9f6e8efda3a5af24983aa491ef86446f, type: 3}
      propertyPath: m_Materials.Array.size
      value: 1
      objectReference: {fileID: 0}
    m_RemovedComponents: []
  m_SourcePrefab: {fileID: 100100000, guid: 9f6e8efda3a5af24983aa491ef86446f, type: 3}
--- !u!4 &6558294006090374244 stripped
Transform:
  m_CorrespondingSourceObject: {fileID: 420686, guid: 9f6e8efda3a5af24983aa491ef86446f, type: 3}
  m_PrefabInstance: {fileID: 6558294006090004266}
  m_PrefabAsset: {fileID: 0}
--- !u!198 &6558294006076264148 stripped
ParticleSystem:
  m_CorrespondingSourceObject: {fileID: 19839486, guid: 9f6e8efda3a5af24983aa491ef86446f, type: 3}
  m_PrefabInstance: {fileID: 6558294006090004266}
  m_PrefabAsset: {fileID: 0}
--- !u!1001 &6558294006554530182
PrefabInstance:
  m_ObjectHideFlags: 0
  serializedVersion: 2
  m_Modification:
    m_TransformParent: {fileID: 6558294006587758567}
    m_Modifications:
    - target: {fileID: 128010, guid: 9f6e8efda3a5af24983aa491ef86446f, type: 3}
      propertyPath: m_Name
      value: SparkRadialExplosionYellow (1)
      objectReference: {fileID: 0}
    - target: {fileID: 420686, guid: 9f6e8efda3a5af24983aa491ef86446f, type: 3}
      propertyPath: m_RootOrder
      value: 2
      objectReference: {fileID: 0}
    - target: {fileID: 420686, guid: 9f6e8efda3a5af24983aa491ef86446f, type: 3}
      propertyPath: m_LocalScale.x
      value: 0.6
      objectReference: {fileID: 0}
    - target: {fileID: 420686, guid: 9f6e8efda3a5af24983aa491ef86446f, type: 3}
      propertyPath: m_LocalScale.y
      value: 0.6
      objectReference: {fileID: 0}
    - target: {fileID: 420686, guid: 9f6e8efda3a5af24983aa491ef86446f, type: 3}
      propertyPath: m_LocalScale.z
      value: 0.6
      objectReference: {fileID: 0}
    - target: {fileID: 420686, guid: 9f6e8efda3a5af24983aa491ef86446f, type: 3}
      propertyPath: m_LocalPosition.x
      value: -0.464
      objectReference: {fileID: 0}
    - target: {fileID: 420686, guid: 9f6e8efda3a5af24983aa491ef86446f, type: 3}
      propertyPath: m_LocalPosition.y
      value: 0.059
      objectReference: {fileID: 0}
    - target: {fileID: 420686, guid: 9f6e8efda3a5af24983aa491ef86446f, type: 3}
      propertyPath: m_LocalPosition.z
      value: -0
      objectReference: {fileID: 0}
    - target: {fileID: 420686, guid: 9f6e8efda3a5af24983aa491ef86446f, type: 3}
      propertyPath: m_LocalRotation.w
      value: 0.7071067
      objectReference: {fileID: 0}
    - target: {fileID: 420686, guid: 9f6e8efda3a5af24983aa491ef86446f, type: 3}
      propertyPath: m_LocalRotation.x
      value: -0.7071068
      objectReference: {fileID: 0}
    - target: {fileID: 420686, guid: 9f6e8efda3a5af24983aa491ef86446f, type: 3}
      propertyPath: m_LocalRotation.y
      value: 0
      objectReference: {fileID: 0}
    - target: {fileID: 420686, guid: 9f6e8efda3a5af24983aa491ef86446f, type: 3}
      propertyPath: m_LocalRotation.z
      value: 0
      objectReference: {fileID: 0}
    - target: {fileID: 420686, guid: 9f6e8efda3a5af24983aa491ef86446f, type: 3}
      propertyPath: m_LocalEulerAnglesHint.x
      value: -90
      objectReference: {fileID: 0}
    - target: {fileID: 420686, guid: 9f6e8efda3a5af24983aa491ef86446f, type: 3}
      propertyPath: m_LocalEulerAnglesHint.y
      value: 0
      objectReference: {fileID: 0}
    - target: {fileID: 420686, guid: 9f6e8efda3a5af24983aa491ef86446f, type: 3}
      propertyPath: m_LocalEulerAnglesHint.z
      value: 0
      objectReference: {fileID: 0}
    - target: {fileID: 19821118, guid: 9f6e8efda3a5af24983aa491ef86446f, type: 3}
      propertyPath: playOnAwake
      value: 0
      objectReference: {fileID: 0}
    - target: {fileID: 19821118, guid: 9f6e8efda3a5af24983aa491ef86446f, type: 3}
      propertyPath: InitialModule.startRotationX.minMaxState
      value: 3
      objectReference: {fileID: 0}
    - target: {fileID: 19821118, guid: 9f6e8efda3a5af24983aa491ef86446f, type: 3}
      propertyPath: InitialModule.startRotationY.minMaxState
      value: 3
      objectReference: {fileID: 0}
    - target: {fileID: 19839486, guid: 9f6e8efda3a5af24983aa491ef86446f, type: 3}
      propertyPath: playOnAwake
      value: 0
      objectReference: {fileID: 0}
    - target: {fileID: 19839486, guid: 9f6e8efda3a5af24983aa491ef86446f, type: 3}
      propertyPath: CollisionModule.type
      value: 0
      objectReference: {fileID: 0}
    - target: {fileID: 19839486, guid: 9f6e8efda3a5af24983aa491ef86446f, type: 3}
      propertyPath: CollisionModule.m_Planes.Array.size
      value: 1
      objectReference: {fileID: 0}
    - target: {fileID: 19839486, guid: 9f6e8efda3a5af24983aa491ef86446f, type: 3}
      propertyPath: CollisionModule.m_Planes.Array.data[0]
      value: 
      objectReference: {fileID: 6558294006959699357}
    - target: {fileID: 19863100, guid: 9f6e8efda3a5af24983aa491ef86446f, type: 3}
      propertyPath: playOnAwake
      value: 0
      objectReference: {fileID: 0}
    - target: {fileID: 19863100, guid: 9f6e8efda3a5af24983aa491ef86446f, type: 3}
      propertyPath: CollisionModule.type
      value: 0
      objectReference: {fileID: 0}
    - target: {fileID: 19863100, guid: 9f6e8efda3a5af24983aa491ef86446f, type: 3}
      propertyPath: CollisionModule.m_Planes.Array.size
      value: 1
      objectReference: {fileID: 0}
    - target: {fileID: 19863100, guid: 9f6e8efda3a5af24983aa491ef86446f, type: 3}
      propertyPath: CollisionModule.m_Planes.Array.data[0]
      value: 
      objectReference: {fileID: 6558294006959699357}
    - target: {fileID: 19882858, guid: 9f6e8efda3a5af24983aa491ef86446f, type: 3}
      propertyPath: playOnAwake
      value: 0
      objectReference: {fileID: 0}
    - target: {fileID: 19882858, guid: 9f6e8efda3a5af24983aa491ef86446f, type: 3}
      propertyPath: InitialModule.startSizeY.minMaxState
      value: 3
      objectReference: {fileID: 0}
    - target: {fileID: 19882858, guid: 9f6e8efda3a5af24983aa491ef86446f, type: 3}
      propertyPath: InitialModule.startSizeZ.minMaxState
      value: 3
      objectReference: {fileID: 0}
    - target: {fileID: 19883486, guid: 9f6e8efda3a5af24983aa491ef86446f, type: 3}
      propertyPath: playOnAwake
      value: 0
      objectReference: {fileID: 0}
    - target: {fileID: 19915994, guid: 9f6e8efda3a5af24983aa491ef86446f, type: 3}
      propertyPath: m_SortingOrder
      value: 1
      objectReference: {fileID: 0}
    - target: {fileID: 19915994, guid: 9f6e8efda3a5af24983aa491ef86446f, type: 3}
      propertyPath: m_Materials.Array.size
      value: 1
      objectReference: {fileID: 0}
    - target: {fileID: 19916528, guid: 9f6e8efda3a5af24983aa491ef86446f, type: 3}
      propertyPath: m_SortingOrder
      value: 1
      objectReference: {fileID: 0}
    - target: {fileID: 19916528, guid: 9f6e8efda3a5af24983aa491ef86446f, type: 3}
      propertyPath: m_Materials.Array.size
      value: 1
      objectReference: {fileID: 0}
    - target: {fileID: 19920658, guid: 9f6e8efda3a5af24983aa491ef86446f, type: 3}
      propertyPath: m_SortingOrder
      value: 1
      objectReference: {fileID: 0}
    - target: {fileID: 19920658, guid: 9f6e8efda3a5af24983aa491ef86446f, type: 3}
      propertyPath: m_Materials.Array.size
      value: 1
      objectReference: {fileID: 0}
    - target: {fileID: 19930792, guid: 9f6e8efda3a5af24983aa491ef86446f, type: 3}
      propertyPath: m_SortingOrder
      value: 1
      objectReference: {fileID: 0}
    - target: {fileID: 19930792, guid: 9f6e8efda3a5af24983aa491ef86446f, type: 3}
      propertyPath: m_Materials.Array.size
      value: 1
      objectReference: {fileID: 0}
    - target: {fileID: 19951298, guid: 9f6e8efda3a5af24983aa491ef86446f, type: 3}
      propertyPath: m_SortingOrder
      value: 1
      objectReference: {fileID: 0}
    - target: {fileID: 19951298, guid: 9f6e8efda3a5af24983aa491ef86446f, type: 3}
      propertyPath: m_Materials.Array.size
      value: 1
      objectReference: {fileID: 0}
    m_RemovedComponents: []
  m_SourcePrefab: {fileID: 100100000, guid: 9f6e8efda3a5af24983aa491ef86446f, type: 3}
--- !u!4 &6558294006554950344 stripped
Transform:
  m_CorrespondingSourceObject: {fileID: 420686, guid: 9f6e8efda3a5af24983aa491ef86446f, type: 3}
  m_PrefabInstance: {fileID: 6558294006554530182}
  m_PrefabAsset: {fileID: 0}
--- !u!198 &6558294006540740728 stripped
ParticleSystem:
  m_CorrespondingSourceObject: {fileID: 19839486, guid: 9f6e8efda3a5af24983aa491ef86446f, type: 3}
  m_PrefabInstance: {fileID: 6558294006554530182}
  m_PrefabAsset: {fileID: 0}
